@article{StatSH2012,
  author  = {Statistisches Amt f"ur Hamburg und Schleswig-Holstein},
  title   = {Statistik-Profile f"ur Kreise und St"adte Schleswig-Holstein 2011},
  journal = {NORD.regional},
edition = {Band 12},
address = {Hamburg},
  year    = {2012},
  pages   = {64f}
}



@book{PartHerder2011,
  AUTHOR = {Michael Regner and Franziska Schubert-Suffrian},
  YEAR = {2011},
  TITLE = {Partizipation in der Kita - Projekte mit Kindern gestalten},
  ISBN = {9783451325526},
  PUBLISHER = {Herder},
  ADDRESS = {Freiburg im Breisgau}
}

@misc{Halstenbek2012,
  author  = {Linda Hoß-Rickmann }, 
  title   = {Leben in Halstenbek - Ortsportrait}, 
  url   = {http://www.halstenbek.de/leben-in-halstenbek/rund-um-halstenbek/ortsportrait.html},
  note    = {gesehen am: 22.02.2012 16:00}
 }


@misc{KPinneberg2012,
  author  = {Herr Trampe}, 
  title   = {Über den Kreis Pinneberg}, 
  url   = {http://www.kreis-pinneberg.de/Kreis+Pinneberg-p-905.html},
  note    = {gesehen am: 22.02.2012 17:30}
 }

@misc{HalstenbekSchule,
  author  = {Linda Hoß-Rickmann}, 
  title   = {Leben in Halstenbek - Schulen}, 
  url   = {http://www.halstenbek.de/leben-in-halstenbek/schulen.html},
  note    = {gesehen am: 22.02.2012 16:30}
}

@misc{JapSchule,
  author  = {Linda Hoß-Rickmann}, 
  title   = {Leben in Halstenbek - Japanische Schule}, 
  url   = {http://www.halstenbek.de/leben-in-halstenbek/schulen/japanische-schule.html},
  note    = {gesehen am: 22.02.2012 16:30}
}

@misc{HalstenbekKita,
  author  = {Linda Hoß-Rickmann }, 
  title   = {Leben in Halstenbek-Kinder / Jugend}, 
  url   = {http://www.halstenbek.de/leben-in-halstenbek/kinder-jugend.html},
  note    = {gesehen am: 22.02.2012 16:45}
}


@misc{htsport,
  author  = {Heike Fenske, Bernhard Zander}, 
  title   = {Sportarten}, 
  url   = {http://www.ht-sport.de/Sportarten.cfm},
  note    = {gesehen am: 14.02.2012 09:30}
}

@misc{hrsDlrg2012,
  author  = {Heike Fenske, Bernhard Zander}, 
  title   = {DLRG Anfängerschwimmen}, 
  url   = {http://halstenbek-rellingen-schenefeld.dlrg.de/ausbildung/anfaengerschwimmen.html},
  note    = {gesehen am: 14.02.2012 09:30},
year ={2012}
}

@misc{svhr,
  author  = {Thomas Renzow }, 
  title   = {Jugend - Freizeit sinnvoll gestalten}, 
  url   = {http://www.svhr.de/jugend/jugend.htm},
  note    = {gesehen am: 14.02.2012 10:00}
}

@misc{Buchh,
  author  = {Linda Hoß-Rickmann}, 
  title   = {Leben in Halstenbek - Kultur und Bildung}, 
  url   = {http://www.halstenbek.de/leben-in-halstenbek/kultur-und-bildung.html},
  note    = {gesehen am: 14.02.2012 14:00}
}
@misc{Wmarkt,
  author  = {Linda Hoß-Rickmann}, 
  title   = {Leben in Halstenbek - Wochenmarkt}, 
  url   = {http://www.halstenbek.de/leben-in-halstenbek/rund-um-halstenbek/wochenmarkt.html},
  note    = {gesehen am: 14.02.2012 14:30}
}




@misc{HalstenbekSpiel2007,
  author  = {Kai L"udemann}, 
  title   = {Spielothek was ist das?}, 
  url   = {http://www.spieliothek.de/was_ist.htm},
  note    = {gesehen am: 14.02.2012 14:15},
  year ={2007}
}


@misc{KrupSee,
  author  = {Wikipedia}, 
  title   = {Krupunder See}, 
  url   = {http://de.wikipedia.org/wiki/Krupunder_See},
  note    = {gesehen am: 14.02.2012 15:00},
year ={2011}
}



@misc{PiTour,
  author  = {Herr Trampe}, 
  title   = {Tourismus}, 
  url   = {http://www.kreis-pinneberg.de/Kreis+Pinneberg/Tourismus.html},
  note    = {gesehen am: 15.02.2012 9:00}
}

@misc{Kirch,
  author  = {Klaus Badewitz, Norbert Dierks, Arnulf Pfeifer},
  title   = {Kinder- Jugend -Kirche: Angebote}, 
  url   = {http://www.kirchehalstenbek.de/ev/index03.htm},
  note    = {gesehen am: 15.02.2012 10:00}
}

@article{ErHy2006,
  author  = "{AWO Kindertagesst"atte Halstenbek}",
  title   = {Ern"ahrung und Hygiene in unserer Kita},
  journal = {Informationbroschüre Kindertagesst"atte Halstenbek},
address = {Halstenbek},
  pages   = {2,4,6,7,10ff},
year = {2006}
}


@article{KonzEr2000,
  author  = "{Kindertagesst"atte Lotte Lemke}",
  title   = {Ern"ahrung},
  journal = {AWO-Konzept Kindertagesst"atte Lotte Lemke},
address = {Halstenbek},
  pages   = {27},
year = {2000}
}


@article{KonzReUb2000,
  author  = "{Kindertagesst"atte Lotte Lemke}",
  title   = {Aktivit"aten in unserem Haus},
  journal = {AWO-Konzept Kindertagesst"atte Lotte Lemke},
  address = {Halstenbek},
  pages   = {19},
  year = {2000}
}


@article{Eltzuar2000,
  author  = "{Kindertagesst"atte Lotte Lemke}",
  title   = {Elternzusammenarbeit},
  journal = {AWO-Konzept Kindertagesst"atte Lotte Lemke},
  address = {Halstenbek},
  pages   = {28f},
  year = {2000}
}


@article{Sitans2000,
  author  = "{Kindertagesst"atte Lotte Lemke}",
  title   = {Wir arbeiten nach dem Situationsansatz},
  journal = {AWO-Konzept Kindertagesst"atte Lotte Lemke},
  address = {Halstenbek},
  pages   = {15f},
  year = {2000}
}

@article{Patiz2011,
  author  = "{AWO Kindertagesst"atte Halstenbek}",
  title   = {Partizipation "Eine Kita macht Politik"},
  journal = {Informationbrosch"ure Kindertagesstätte Halstenbek},
  address = {Halstenbek},
  pages   = {1,7,13},
  year = {2011}
}

@article{Verfas2008,
  author  = "{AWO Kindertagesst"atte Halstenbek}",
  title   = {Die Verfassung der Kindersst"atte Lotte Lemke},
  journal = {Informationbrosch"ure Kindertagesstätte Halstenbek},
  address = {Halstenbek},
  pages   = {1},
  year = {2008}
}

@article{paBild2009,
  author  = "{AWO Kindertagesst"atte Halstenbek}",
  title   = {Der Bildungsauftrag in unsere Kindertagesst"atte Lotte Lemke},
  journal = {Informationbrosch"ure Kindertagesst"atte Halstenbek},
  address = {Halstenbek},
  pages   = {1,2,10},
  year = {2009}
}
             

@article{padZiel2000,
  author  = "{Kindertagesst"atte Lotte Lemke}",
  title   = {Unsere p"adagogischen Ziele},
  journal = {AWO-Konzept Kindertagesst"atte Lotte Lemke},
  address = {Halstenbek},
  year = {2000},
  pages   = {12ff}
}

 @article{Integration2007,
  author  = "{AWO Kindertagesst"atte Halstenbek}",
  title   = {Schönheit in der Vielfalt entdecken-Brosch"ure zur Integration},
  journal = {Informationbrosch"ure Kindertagesst"atte Halstenbek},
  address = {Halstenbek},
  pages   = {1,2,10},
  year = {2007}
}


@article{LaSH2009,
  author  = {Landrechnungshof Schleswig-Holstein},
  title   = {Wesentliche Ergebnisse aus der Querschnittsprüfung "Finanzierung von Kindertageseinrichtungen"},
  address = {Kiel},
  year    = {2009},
  pages   = {5f}
}

 @article{ZuarIn2000,
  author  = "{Kindertagesst"atte Lotte Lemke}",
  title   = {Zusammenarbeit mit anderen Instituionen},
  journal = {AWO-Konzept Kindertagesst"atte Lotte Lemke},
  address = {Halstenbek},
  pages   = {32},
  year = {2000}
}

@article{Fort2000,
  author  = "{Kindertagesst"atte Lotte Lemke}",
  title   = {Fortbildung},
  journal = {AWO-Konzept Kindertagesst"atte Lotte Lemke},
  address = {Halstenbek},
  pages   = {11},
  year = {2000}
}


@article{BildKlo2007,
  author  = {Claudia Baumann and Prof. Dr. Ariane Schorn and Prof. Dr. Benedikt Sturzenhecker},
  title   = {Bildung auf dem Klo? - Ein partizipatives Projekt der AWO-Kita Halstenbek},
  journal = {KiTa aktuell ND},
  edition = {Ausgabe Nr. 11/2007},
  address = {Schleswig-Holstein},
  year    = {2007},
  pages   = {228ff}
}


@article{LeitsuLeitb2005,
  author  = {Rainer Br"uckers},
  title   = {Leits"atze und Leitbild der Arbeiterwohlfahrt},
  journal = {Schriftenreihe Theorie und Praxis 2009 - Grundsatzprogramm der Arbeiterwohlfahrt},
  address = { Berlin},
  pages   = {9ff},
  year = {2005}
}

@article{Lotte2007,
  author  = {AWO Kindertagesst"atte Lotte Lemke},
  title   = {Lotte Lemke - 1903 --- 1988},
  journal = {Informationbrosch"ure Kindertagesst"atte Halstenbek},
  address = {Halstenbek},
  pages   = {2,5f},
  year = {2007}
}


@article{Wirvor2000,
  author  = "{Kindertagesst"atte Lotte Lemke}",
  title   = {Wir stellen uns vor},
  journal = {AWO-Konzept Kindertagesst"atte Lotte Lemke},
  address = {Halstenbek},
  pages   = {5},
  year = {2000}
}

@misc{Geographie2012,
  author  = {Herr Trampe}, 
  title   = {Kreis Pinneberg - Geographie}, 
  url   = {http://www.kreis-pinneberg.de/pinneberg_media/Bilder/Kreis+Pinneberg/Kreis+Pinneberg+_+Schleswig_Holstein-width-700-height-700.jpg},
  note    = {gesehen am: 26.02.2012 11:50},
  year = 2012
}

@misc{AKLL,
  author  = "{AWO Kita Lotte Lemke}", 
  title   = {Kita Lotte Lemke p"adagogisches Konzept}, 
  url   = {http://www.awo-cms.de/index.php?option=com_content&view=article&id=283&Itemid=929&lang=de},
  note    = {gesehen am: 25.02.2012 12:30}
}

@book{MitMit2011,
  AUTHOR = {Raingard Knauer and Benedikt Sturzenhecker and Rüdiger Hansen},
  YEAR = {2011},
  TITLE = {Mitentscheiden und Mithandeln in der Kita},
  ISBN = {9783867933315},
  PUBLISHER = {Bertelsmann Stiftung},
  ADDRESS = {Gütersloh}
}
